@Book{SakaiMe,
  author = 	 {Rikyu Yosano and Nintoku Shimano},
  title = 	 {Sakai and Me},
  publisher = 	 {Kansai Publisher},
  year = 	 {2015},
  month =        mar,
  note =         {In Japanese}
}

@InProceedings{Food,
  author = 	 {Daisuki Konamon},
  title = 	 {Favorite Foods in {Osaka}},
  booktitle =	 {Proc. of International Conference on Local Cuisine},
  pages = 	 {1--101},
  year = 	 2015,
  month = 	 feb
}

@MastersThesis{Neko,
  author = 	 {Shirasagi Takano},
  title = 	 {Basic Research on Behaviour of Stray Cats in {OPU}},
  school = 	 {Dept. of Computer Science and Intelligent Systems, Osaka Prefecture University},
  year = 	 2013,
  month = 	 mar,
  note =         {In Japanese}
}

