@article{DBLP:journals/corr/abs-1806-09055,
  author    = {Hanxiao Liu and
               Karen Simonyan and
               Yiming Yang},
  title     = {{DARTS:} Differentiable Architecture Search},
  journal   = {CoRR},
  volume    = {abs/1806.09055},
  year      = {2018},
  url       = {http://arxiv.org/abs/1806.09055},
  archivePrefix = {arXiv},
  eprint    = {1806.09055},
  timestamp = {Mon, 13 Aug 2018 16:49:10 +0200},
  biburl    = {https://dblp.org/rec/journals/corr/abs-1806-09055.bib},
  bibsource = {dblp computer science bibliography, https://dblp.org}
}
