@article{DBLP:journals/corr/ZophL16,
  author    = {Barret Zoph and
               Quoc V. Le},
  title     = {Neural Architecture Search with Reinforcement Learning},
  journal   = {CoRR},
  volume    = {abs/1611.01578},
  year      = {2016},
  url       = {http://arxiv.org/abs/1611.01578},
  archivePrefix = {arXiv},
  eprint    = {1611.01578},
  timestamp = {Mon, 13 Aug 2018 16:46:24 +0200},
  biburl    = {https://dblp.org/rec/journals/corr/ZophL16.bib},
  bibsource = {dblp computer science bibliography, https://dblp.org}
}
a service of Schloss Dagstuhl - Leibniz Center for Informatics	homebrowsesearchabout

@article{DBLP:journals/corr/abs-1806-09055,
  author    = {Hanxiao Liu and
               Karen Simonyan and
               Yiming Yang},
  title     = {{DARTS:} Differentiable Architecture Search},
  journal   = {CoRR},
  volume    = {abs/1806.09055},
  year      = {2018},
  url       = {http://arxiv.org/abs/1806.09055},
  archivePrefix = {arXiv},
  eprint    = {1806.09055},
  timestamp = {Mon, 13 Aug 2018 16:49:10 +0200},
  biburl    = {https://dblp.org/rec/journals/corr/abs-1806-09055.bib},
  bibsource = {dblp computer science bibliography, https://dblp.org}
}

@InProceedings{Simonyan15,
  author       = "Karen Simonyan and Andrew Zisserman",
  title        = "Very Deep Convolutional Networks for Large-Scale Image Recognition",
  booktitle    = "International Conference on Learning Representations",
  year         = "2015",
}
