@article{ANAS,
  title={貢献度分配を導入した方策勾配によるNeural Architecture Searchの高速化},
  author={佐藤 怜 and 秋本 洋平 and 佐久間 淳},
  journal={人工知能学会全国大会論文集},
  volume={JSAI2019},
  number={ },
  pages={2P3J202-2P3J202},
  year={2019},
  doi={10.11517/pjsai.JSAI2019.0_2P3J202}
}
@article{DBLP:journals/corr/ZophL16,
  author    = {Barret Zoph and
               Quoc V. Le},
  title     = {Neural Architecture Search with Reinforcement Learning},
  journal   = {CoRR},
  volume    = {abs/1611.01578},
  year      = {2016},
  url       = {http://arxiv.org/abs/1611.01578},
  archivePrefix = {arXiv},
  eprint    = {1611.01578},
  timestamp = {Mon, 13 Aug 2018 16:46:24 +0200},
  biburl    = {https://dblp.org/rec/journals/corr/ZophL16.bib},
  bibsource = {dblp computer science bibliography, https://dblp.org}
}
a service of Schloss Dagstuhl - Leibniz Center for Informatics	homebrowsesearchabout
