@article{AIgame1,
  author = 	 {隅山淳一朗 and 橋山智訓 and 田野俊一},
  title = 	 {ぷよぷよにおける人間のプレイデータの特徴量抽出},
  journal = 	 {第31回ファジィシステムシンポジウム},
  year = 	 {2015},
}

@article{AIgame3,
  author = 	 {北川竜平 and 三輪誠 and 近山隆},
  title = 	 {麻雀の牌譜からの打ち手評価関数の学習},
  journal = 	 {Proceedings of 12th Game Programming Workshop},
  year = 	 {2007},
}


@article{wolf1,
  author = 	 {梶原健吾 and 鳥海不二夫 and 稲葉通将},
  title = 	 {人狼における強化学習を用いたエージェントの設計},
  journal = 	 {The 29nd Annual Conference of the Japanese Society for Artificial Intelligence},
  year = 	 {2015},
}
@article{wolf2,
  author = 	 {梶原健吾 and 鳥海不二夫 and 稲葉通将 and 大澤博隆 and 片上大輔 and 篠田孝祐 and 松原仁 and 狩野芳信},
  title = 	 {人狼知能大会における統計分析とSVMを用いた人狼推定を行うエージェントの設計},
  journal = 	 {The 30th Annual Conference of the Japanese Society for Artificial Intelligence},
  year = 	 {2016},
}
@article{wolf3,
  author = 	 {Yuya Hirata and Michimasa Inama and Kenichi Takahashi and Fujio Toriumi and Hirotaka Osawa and
			Daisuke Katagami and Kousuke Shinoda},
  title = 	 {Werewolf Game Modeling Using Action Probabilities Based on Play Log Analysis},
  journal = 	 {The 9th international conference on computers and games},
  year = 	 {2016},
}
@article{wolf4,
  author = 	 {Noritsugu Nakamura and Michimasa Inaba and Kenichi Takahashi and Fujio Toriumi
			and Hirotaka Osawa and Daisuke Katagami and Kousuke Shinoda},
  title = 	 {Constructing a Human-like agent for the Werewolf Game using a psychological model based multiple perspectives},
  journal = 	 {The 2016 IEEE Symposium Series on Computational Intelligence (IEEE SSCI 2016)},
  year = 	 {2016},
}
@article{wolf5,
  author = 	 {大川貴聖，吉仲亮，篠原歩},
  title = 	 {深層学習を用いて役職推定を行う人狼知能エージェントの開発},
  journal = 	 {The 22nd Game Programming Workshop 2017},
  year = 	 {2017},
}


@article{DQN_agent,
  author = 	 {Vlad Firoiu and William F. Whitney and Joshua B. Tenenbaum},
  title = 	 {Beating the World’s Best at Super Smash Bros. with Deep Reinforcement Learning},
  journal = 	 {Cornell University Library},
  year = 	 {2017},
}

@article{ACIS,
  author = 	 {Manami Kondoh and Kiyohito Fukuda and Taku Hasegawa and Keinosuke Matsumoto and Naoki Mori},
  title = 	 {Agent of Werewolf Game Applying Deep Learning Predictions},
  journal = 	 {The 6th Asian Conference on Information Systems},
  year = 	 {2017},
}

@article{JSAI,
  author = 	 {近藤まなみ and 長谷川拓 and 森直樹 and 松本啓之亮},
  title = 	 {LSTMを用いた人狼予測と人狼ゲーム分析},
  journal = 	 {The 32nd Annual Conference of the Japanese Society for Artificial Intelligence},
  year = 	 {2018},
}

@article{slide,
  author = 	 {Fujio Toriumi and Hirotaka Osawa and Michimasa Inaba and Daisuke Katagami and Kosuke Shinoda and Hitoshi Matsubara},
  title = 	 {AI wolf contest-development of game AI using collective intelligence},
  journal = 	 {Computer Games Workshop at IJCAI},
  year = 	 {2016},
}


@book{aiwolf,
  author = 	 {鳥海不二夫 and 片上大輔 and 大澤博隆 and 稲葉通将 and 篠田孝祐 and 狩野芳伸},
  title = 	 {人狼知能 だます・見破る・説得する人工知能},
  publisher = 	 {森北出版株式会社},
  year = 	 {2016}
}

@book{aiwolf2,
  author = 	 {狩野芳伸 and 大槻恭士 and 園田亜斗夢 and 中田洋平 and 箕輪峻 and 鳥海不二夫},
  title = 	 {人狼知能で学ぶ AI プログラミング},
  publisher = 	 {株式会社マイナビ出版},
  year = 	 {2017}
}

@article{server,
  author = 	 {Fujio Toriumi and Hirotaka Osawa and Michimasa Inaba and Daisuke Katagami},
  title = 	 {Development of AI wolf server},
  journal = 	 {The 19th Game Programming Workshop},
  year = 	 {2014},
}


@misc{project,
title =	{人狼知能プロジェクト},
note =	{http://aiwolf.org/}
}

@Article{LSTM_1,
author ={Felix A. Gers and Jurgen Schmidhuber and Fred Cummins},
title =	{Learning to Forget:Continual Prediction with LSTM},
journal ={Technical Report IDSIA 01-99},
year =	{1999}
}

@article{LSTM_2,
author ={Sepp Hochreiter and Jurgen Schmidhuber},
title =	{Long short-term memory},
journal ={Neural computation,Vol.9, No.8, pp.1735―1780},
year =	{1997}
}


@book{LSTM_3,
  author = 	 {岡谷貴之},
  title = 	 {深層学習 (機械学習プロフェッショナルシリーズ)},
  publisher = 	 {講談社},
  year = 	 {2015},
}


@article{RNN,
author ={Wojciech Zaremba},
title =	{RECURRENT NEURAL NETWORK REGULARIZATION},
journal ={Under review as a conference paper at ICLR 2015},

year =	{2015}
}

@article{DQN,
  author = 	 {宮崎和光},
  title = 	 {深層学習を組み込んだ経験強化型学習に関する実験的考察},
  journal = 	 {電気学会論文誌},
  year = 	 {2016}
}

@article{DDQN,
  author = 	 {Hado van Hasselt and Arthur Guez and David Silver},
  title = 	 {Deep Reinforcement Learning with Double Q-learning},
  journal = 	 {AAAI},
  year = 	 {2016}
}

@article{DQL,
  author = 	 {Hado van Hasselt},
  title = 	 {Double Q-learning},
  journal = 	 {Advances in Neural Information Processing Systems 23},
  year = 	 {2010}
}


@article{alpha_1,
  author = 	 {David Silver et al.},
  title = 	 {Mastering the game of Go with deep neural networks and tree search},
  journal = 	 {Nature 529.7587,484-489},
  year = 	 {2016}
}

@article{alpha_2,
  author = 	 {David Silver et al.},
  title = 	 {Mastering the game of go without human knowledge},
  journal = 	 {Nature 550.7676,354-359},
  year = 	 {2017}
}




@misc{chainerrl,
title =	{ChainerRL},
note =	{https://research.preferred.jp/2017/02/chainerrl/}
}

