@article{ha2017neural,
  title={A neural representation of sketch drawings},
  author={Ha, David and Eck, Douglas},
  journal={arXiv preprint arXiv:1704.03477},
  year={2017}
}

@inproceedings{liu2017raster,
  title={Raster-to-vector: Revisiting floorplan transformation},
  author={Liu, Chen and Wu, Jiajun and Kohli, Pushmeet and Furukawa, Yasutaka},
  booktitle={Proceedings of the IEEE International Conference on Computer Vision},
  pages={2195--2203},
  year={2017}
}

@inproceedings{kim2018semantic,
  title={Semantic segmentation for line drawing vectorization using neural networks},
  author={Kim, Byungsoo and Wang, Oliver and {\"O}ztireli, A Cengiz and Gross, Markus},
  booktitle={Computer Graphics Forum},
  volume={37},
  number={2},
  pages={329--338},
  year={2018},
  organization={Wiley Online Library}
}
